% This file was created with JabRef 2.6.
% Encoding: UTF8

@BOOK{labview-buch01,
  title = {LabVIEW -- Programmiersprache der vierten Generation},
  publisher = {Prentice Hall},
  year = {1997},
  author = {Rahmal Jamal},
  howpublished = {\url{http://totalprotection.red24.de/pdf/WP_SRM_Die%20Bek%E4mpfung%20von%20Botnets.pdf}},
  owner = {Hua},
  timestamp = {2010.11.13}
}

@MISC{ni-compiler,
  author = {NI},
  title = {Wie funktioniert der Compiler von NI LabVIEW?},
  howpublished = {\url{http://zone.ni.com/devzone/cda/tut/p/id/11936}},
  year = {2011},
  note = {Zugriff am 2.6.2011 um 14:27 in Datei \textit{"`Compiler LabVIEW
	- Developer Zone - National Instruments.pdf"'}},
  owner = {Hua},
  timestamp = {2011.06.02}
}

@MISC{ni-kost,
  author = {NI},
  title = {NI Developer Suite Advisor},
  howpublished = {\url{http://ohm.ni.com/advisors/devsuite/pages/cds/newcustomer.xhtml}},
  year = {2011},
  note = {Zugriff am 5.6.2011 um 17:11 in Datei \textit{"`NI-Developer-Suite.pdf"'}},
  owner = {Hua},
  timestamp = {2011.06.05}
}

@MISC{ni-min,
  author = {NI},
  title = {Systemvoraussetzungen für LabVIEW-Entwicklungssysteme und -Module},
  howpublished = {\url{http://www.ni.com/labview/requirements/d/}},
  year = {2011},
  note = {Zugriff am 5.6.2011 um 17:11 in Datei \textit{"`Systemvoraussetzungen-LabVIEW.pdf"'}},
  owner = {Hua},
  timestamp = {2011.06.05}
}

@MISC{ni-pci,
  author = {NI},
  title = {NI PCI-6723
	
	Analogausgangsmodul für statische Signale und Signalverläufe: 13 bit,
	32 Kanäle},
  howpublished = {\url{http://sine.ni.com/nips/cds/view/p/lang/de/nid/12551}},
  year = {2011},
  note = {Zugriff am 5.6.2011 um 17:11 in Datei \textit{"`NI-PCI-6723.pdf"'}},
  owner = {Hua},
  timestamp = {2011.06.05}
}

@MISC{ni-tuto,
  author = {NI},
  title = {Einführung in LabVIEW - Dreistündiger Einführungskurs},
  howpublished = {\url{http://www.ni.com/pdf/academic/d/labview_3_hrs.pdf}},
  year = {2011},
  note = {Zugriff am 2.6.2011 um 14:27 in Datei \textit{"`labview3hrs.pdf"'}},
  owner = {Hua},
  timestamp = {2011.06.02}
}

@MISC{LabViewHilfe,
  author = {NI},
  title = {LabVIEW-Hilfe},
  month = {Juni},
  year = {2010},
  note = {Integriert in die Entwicklungsumgebung},
  owner = {Hua},
  timestamp = {2011.06.05}
}

@MISC{wiki-lv,
  author = {Wikipedia},
  title = {LabVIEW},
  howpublished = {\url{http://de.wikipedia.org/w/index.php?title=LabVIEW}},
  year = {2011},
  note = {Zugriff am 2.6.2011 um 14:03 in Datei \textit{"`wiki-labview.pdf"'}},
  owner = {Hua},
  timestamp = {2011.06.02}
}

@comment{jabref-meta: selector_publisher:}

@comment{jabref-meta: selector_author:}

@comment{jabref-meta: selector_journal:}

@comment{jabref-meta: selector_keywords:}

